%YAML 1.1
%TAG !u! tag:unity3d.com,2011:
--- !u!29 &1
SceneSettings:
  m_ObjectHideFlags: 0
  m_PVSData: 
  m_PVSObjectsArray: []
  m_PVSPortalsArray: []
  m_OcclusionBakeSettings:
    smallestOccluder: 5
    smallestHole: .25
    backfaceThreshold: 100
--- !u!104 &2
RenderSettings:
  m_ObjectHideFlags: 0
  serializedVersion: 6
  m_Fog: 0
  m_FogColor: {r: .5, g: .5, b: .5, a: 1}
  m_FogMode: 3
  m_FogDensity: .00999999978
  m_LinearFogStart: 0
  m_LinearFogEnd: 300
  m_AmbientSkyColor: {r: .211999997, g: .226999998, b: .259000003, a: 1}
  m_AmbientEquatorColor: {r: .114, g: .125, b: .133000001, a: 1}
  m_AmbientGroundColor: {r: .0469999984, g: .0430000015, b: .0350000001, a: 1}
  m_AmbientIntensity: 1
  m_AmbientMode: 0
  m_SkyboxMaterial: {fileID: 10304, guid: 0000000000000000f000000000000000, type: 0}
  m_HaloStrength: .5
  m_FlareStrength: 1
  m_FlareFadeSpeed: 3
  m_HaloTexture: {fileID: 0}
  m_SpotCookie: {fileID: 10001, guid: 0000000000000000e000000000000000, type: 0}
  m_DefaultReflectionMode: 0
  m_DefaultReflectionResolution: 128
  m_ReflectionBounces: 1
  m_ReflectionIntensity: 1
  m_CustomReflection: {fileID: 0}
  m_Sun: {fileID: 0}
--- !u!127 &3
LevelGameManager:
  m_ObjectHideFlags: 0
--- !u!157 &4
LightmapSettings:
  m_ObjectHideFlags: 0
  serializedVersion: 5
  m_GIWorkflowMode: 0
  m_LightmapsMode: 1
  m_GISettings:
    serializedVersion: 2
    m_BounceScale: 1
    m_IndirectOutputScale: 1
    m_AlbedoBoost: 1
    m_TemporalCoherenceThreshold: 1
    m_EnvironmentLightingMode: 0
    m_EnableBakedLightmaps: 1
    m_EnableRealtimeLightmaps: 1
  m_LightmapEditorSettings:
    serializedVersion: 3
    m_Resolution: 2
    m_BakeResolution: 40
    m_TextureWidth: 1024
    m_TextureHeight: 1024
    m_AOMaxDistance: 1
    m_Padding: 2
    m_CompAOExponent: 0
    m_LightmapParameters: {fileID: 0}
    m_TextureCompression: 1
    m_FinalGather: 0
    m_FinalGatherRayCount: 1024
  m_LightmapSnapshot: {fileID: 0}
  m_RuntimeCPUUsage: 25
--- !u!196 &5
NavMeshSettings:
  serializedVersion: 2
  m_ObjectHideFlags: 0
  m_BuildSettings:
    serializedVersion: 2
    agentRadius: .5
    agentHeight: 2
    agentSlope: 45
    agentClimb: .400000006
    ledgeDropHeight: 0
    maxJumpAcrossDistance: 0
    accuratePlacement: 0
    minRegionArea: 2
    cellSize: .166666672
    manualCellSize: 0
  m_NavMeshData: {fileID: 0}
--- !u!1 &351468030
GameObject:
  m_ObjectHideFlags: 0
  m_PrefabParentObject: {fileID: 0}
  m_PrefabInternal: {fileID: 0}
  serializedVersion: 4
  m_Component:
  - 4: {fileID: 351468031}
  m_Layer: 0
  m_Name: View
  m_TagString: Untagged
  m_Icon: {fileID: 0}
  m_NavMeshLayer: 0
  m_StaticEditorFlags: 0
  m_IsActive: 1
--- !u!4 &351468031
Transform:
  m_ObjectHideFlags: 0
  m_PrefabParentObject: {fileID: 0}
  m_PrefabInternal: {fileID: 0}
  m_GameObject: {fileID: 351468030}
  m_LocalRotation: {x: 0, y: 0, z: 0, w: 1}
  m_LocalPosition: {x: -4.55634785, y: 20.724205, z: -32.122036}
  m_LocalScale: {x: 1, y: 1, z: 1}
  m_Children: []
  m_Father: {fileID: 1382308779}
  m_RootOrder: 0
--- !u!1 &565361890
GameObject:
  m_ObjectHideFlags: 0
  m_PrefabParentObject: {fileID: 0}
  m_PrefabInternal: {fileID: 0}
  serializedVersion: 4
  m_Component:
  - 4: {fileID: 565361892}
  - 108: {fileID: 565361891}
  m_Layer: 0
  m_Name: Directional Light
  m_TagString: Untagged
  m_Icon: {fileID: 0}
  m_NavMeshLayer: 0
  m_StaticEditorFlags: 0
  m_IsActive: 1
--- !u!108 &565361891
Light:
  m_ObjectHideFlags: 0
  m_PrefabParentObject: {fileID: 0}
  m_PrefabInternal: {fileID: 0}
  m_GameObject: {fileID: 565361890}
  m_Enabled: 1
  serializedVersion: 6
  m_Type: 1
  m_Color: {r: 1, g: .956862748, b: .839215696, a: 1}
  m_Intensity: 1
  m_Range: 10
  m_SpotAngle: 30
  m_CookieSize: 10
  m_Shadows:
    m_Type: 2
    m_Resolution: -1
    m_Strength: 1
    m_Bias: .0500000007
    m_NormalBias: .400000006
  m_Cookie: {fileID: 0}
  m_DrawHalo: 0
  m_Flare: {fileID: 0}
  m_RenderMode: 0
  m_CullingMask:
    serializedVersion: 2
    m_Bits: 4294967295
  m_Lightmapping: 4
  m_BounceIntensity: 1
  m_ShadowRadius: 0
  m_ShadowAngle: 0
  m_AreaSize: {x: 1, y: 1}
--- !u!4 &565361892
Transform:
  m_ObjectHideFlags: 0
  m_PrefabParentObject: {fileID: 0}
  m_PrefabInternal: {fileID: 0}
  m_GameObject: {fileID: 565361890}
  m_LocalRotation: {x: .408217937, y: -.234569728, z: .109381676, w: .875426054}
  m_LocalPosition: {x: 0, y: 3, z: 0}
  m_LocalScale: {x: 1, y: 1, z: 1}
  m_Children: []
  m_Father: {fileID: 0}
  m_RootOrder: 1
--- !u!1001 &995218574
Prefab:
  m_ObjectHideFlags: 0
  serializedVersion: 2
  m_Modification:
    m_TransformParent: {fileID: 0}
    m_Modifications:
    - target: {fileID: 427350, guid: a5c35eda502718845b723e9bee886889, type: 2}
      propertyPath: m_LocalPosition.x
      value: 0
      objectReference: {fileID: 0}
    - target: {fileID: 427350, guid: a5c35eda502718845b723e9bee886889, type: 2}
      propertyPath: m_LocalPosition.y
      value: -.49000001
      objectReference: {fileID: 0}
    - target: {fileID: 427350, guid: a5c35eda502718845b723e9bee886889, type: 2}
      propertyPath: m_LocalPosition.z
      value: 0
      objectReference: {fileID: 0}
    - target: {fileID: 427350, guid: a5c35eda502718845b723e9bee886889, type: 2}
      propertyPath: m_LocalRotation.x
      value: 0
      objectReference: {fileID: 0}
    - target: {fileID: 427350, guid: a5c35eda502718845b723e9bee886889, type: 2}
      propertyPath: m_LocalRotation.y
      value: 0
      objectReference: {fileID: 0}
    - target: {fileID: 427350, guid: a5c35eda502718845b723e9bee886889, type: 2}
      propertyPath: m_LocalRotation.z
      value: 0
      objectReference: {fileID: 0}
    - target: {fileID: 427350, guid: a5c35eda502718845b723e9bee886889, type: 2}
      propertyPath: m_LocalRotation.w
      value: 1
      objectReference: {fileID: 0}
    - target: {fileID: 427350, guid: a5c35eda502718845b723e9bee886889, type: 2}
      propertyPath: m_RootOrder
      value: 2
      objectReference: {fileID: 0}
    m_RemovedComponents: []
  m_ParentPrefab: {fileID: 100100000, guid: a5c35eda502718845b723e9bee886889, type: 2}
  m_IsPrefabParent: 0
--- !u!1 &1372840825
GameObject:
  m_ObjectHideFlags: 0
  m_PrefabParentObject: {fileID: 0}
  m_PrefabInternal: {fileID: 0}
  serializedVersion: 4
  m_Component:
  - 4: {fileID: 1372840830}
  - 20: {fileID: 1372840829}
  - 92: {fileID: 1372840828}
  - 124: {fileID: 1372840827}
  - 81: {fileID: 1372840826}
  m_Layer: 0
  m_Name: Main Camera
  m_TagString: MainCamera
  m_Icon: {fileID: 0}
  m_NavMeshLayer: 0
  m_StaticEditorFlags: 0
  m_IsActive: 1
--- !u!81 &1372840826
AudioListener:
  m_ObjectHideFlags: 0
  m_PrefabParentObject: {fileID: 0}
  m_PrefabInternal: {fileID: 0}
  m_GameObject: {fileID: 1372840825}
  m_Enabled: 1
--- !u!124 &1372840827
Behaviour:
  m_ObjectHideFlags: 0
  m_PrefabParentObject: {fileID: 0}
  m_PrefabInternal: {fileID: 0}
  m_GameObject: {fileID: 1372840825}
  m_Enabled: 1
--- !u!92 &1372840828
Behaviour:
  m_ObjectHideFlags: 0
  m_PrefabParentObject: {fileID: 0}
  m_PrefabInternal: {fileID: 0}
  m_GameObject: {fileID: 1372840825}
  m_Enabled: 1
--- !u!20 &1372840829
Camera:
  m_ObjectHideFlags: 0
  m_PrefabParentObject: {fileID: 0}
  m_PrefabInternal: {fileID: 0}
  m_GameObject: {fileID: 1372840825}
  m_Enabled: 1
  serializedVersion: 2
  m_ClearFlags: 1
  m_BackGroundColor: {r: .192156866, g: .301960796, b: .474509805, a: .0196078438}
  m_NormalizedViewPortRect:
    serializedVersion: 2
    x: 0
    y: 0
    width: 1
    height: 1
  near clip plane: .300000012
  far clip plane: 1000
  field of view: 60
  orthographic: 0
  orthographic size: 5
  m_Depth: -1
  m_CullingMask:
    serializedVersion: 2
    m_Bits: 4294967295
  m_RenderingPath: -1
  m_TargetTexture: {fileID: 0}
  m_TargetDisplay: 0
  m_HDR: 0
  m_OcclusionCulling: 1
  m_StereoConvergence: 10
  m_StereoSeparation: .0219999999
--- !u!4 &1372840830
Transform:
  m_ObjectHideFlags: 0
  m_PrefabParentObject: {fileID: 0}
  m_PrefabInternal: {fileID: 0}
  m_GameObject: {fileID: 1372840825}
  m_LocalRotation: {x: 0, y: 0, z: 0, w: 1}
  m_LocalPosition: {x: 0, y: 1, z: -10}
  m_LocalScale: {x: 1, y: 1, z: 1}
  m_Children: []
  m_Father: {fileID: 0}
  m_RootOrder: 0
--- !u!1 &1382308775
GameObject:
  m_ObjectHideFlags: 0
  m_PrefabParentObject: {fileID: 0}
  m_PrefabInternal: {fileID: 0}
  serializedVersion: 4
  m_Component:
  - 4: {fileID: 1382308779}
  - 114: {fileID: 1382308778}
  - 114: {fileID: 1382308777}
  - 114: {fileID: 1382308776}
  m_Layer: 0
  m_Name: GameObject
  m_TagString: Untagged
  m_Icon: {fileID: 0}
  m_NavMeshLayer: 0
  m_StaticEditorFlags: 0
  m_IsActive: 1
--- !u!114 &1382308776
MonoBehaviour:
  m_ObjectHideFlags: 0
  m_PrefabParentObject: {fileID: 0}
  m_PrefabInternal: {fileID: 0}
  m_GameObject: {fileID: 1382308775}
  m_Enabled: 1
  m_EditorHideFlags: 0
  m_Script: {fileID: 11500000, guid: ae448bfd1f8114647909f9c709367328, type: 3}
  m_Name: 
  m_EditorClassIdentifier: 
  replaceFrom: {fileID: 0}
  replaceTo: {fileID: 0}
--- !u!114 &1382308777
MonoBehaviour:
  m_ObjectHideFlags: 0
  m_PrefabParentObject: {fileID: 0}
  m_PrefabInternal: {fileID: 0}
  m_GameObject: {fileID: 1382308775}
  m_Enabled: 1
  m_EditorHideFlags: 0
  m_Script: {fileID: 11500000, guid: ab9bd84c19f59f14c9491e13aae29695, type: 3}
  m_Name: 
  m_EditorClassIdentifier: 
  ambientShadingStrength: .5
  shadowColorIsLightColor: 0
  ambientShadowColorIsLightColor: 0
  shadowColor: {r: 0, g: 0, b: 0, a: 1}
  ambientShadowColor: {r: 0, g: 0, b: 0, a: 1}
  replaceShader: 1
  shaderReplaceFrom: {fileID: 0}
  ambientShader: {fileID: 0}
--- !u!114 &1382308778
MonoBehaviour:
  m_ObjectHideFlags: 0
  m_PrefabParentObject: {fileID: 0}
  m_PrefabInternal: {fileID: 0}
  m_GameObject: {fileID: 1382308775}
  m_Enabled: 1
  m_EditorHideFlags: 0
  m_Script: {fileID: 11500000, guid: 21b39788025ff4446889e27a7dbe6d84, type: 3}
  m_Name: 
  m_EditorClassIdentifier: 
  storage:
    lists:
    - chunksSer:
      - element:
          data:
            storedObject: {fileID: 177116, guid: 0356f1ac98783a64a8008164f14cfb6f,
              type: 2}
            rotationY: 0
            split: 0
        top: 0
        bottom: 0
      x: -5
      z: -1
    - chunksSer:
      - element:
          data:
            storedObject: {fileID: 177116, guid: 0356f1ac98783a64a8008164f14cfb6f,
              type: 2}
            rotationY: 0
            split: 0
        top: 0
        bottom: 0
      x: -4
      z: -2
    - chunksSer:
      - element:
          data:
            storedObject: {fileID: 156308, guid: 1ca5b40aaa6321a47be642641f58300b,
              type: 2}
            rotationY: 0
            split: 0
        top: 6
        bottom: 6
      x: -1
      z: -2
    - chunksSer:
      - element:
          data:
            storedObject: {fileID: 156308, guid: 1ca5b40aaa6321a47be642641f58300b,
              type: 2}
            rotationY: 0
            split: 0
        top: 6
        bottom: 6
      - element:
          data:
            storedObject: {fileID: 156308, guid: 1ca5b40aaa6321a47be642641f58300b,
              type: 2}
            rotationY: 0
            split: 0
        top: 3
        bottom: 3
      x: -1
      z: -1
    - chunksSer:
      - element:
          data:
            storedObject: {fileID: 177116, guid: 0356f1ac98783a64a8008164f14cfb6f,
              type: 2}
            rotationY: 0
            split: 0
        top: 9
        bottom: 9
      x: 1
      z: -5
    - chunksSer:
      - element:
          data:
            storedObject: {fileID: 177116, guid: 0356f1ac98783a64a8008164f14cfb6f,
              type: 2}
            rotationY: 0
            split: 0
        top: 9
        bottom: 9
      x: 2
      z: -6
    - chunksSer:
      - element:
          data:
            storedObject: {fileID: 177116, guid: 0356f1ac98783a64a8008164f14cfb6f,
              type: 2}
            rotationY: 0
            split: 0
        top: 9
        bottom: 9
      x: 3
      z: -6
    - chunksSer:
      - element:
          data:
            storedObject: {fileID: 177116, guid: 0356f1ac98783a64a8008164f14cfb6f,
              type: 2}
            rotationY: 0
            split: 0
        top: 9
        bottom: 9
      x: 2
      z: -5
    - chunksSer:
      - element:
          data:
            storedObject: {fileID: 177116, guid: 0356f1ac98783a64a8008164f14cfb6f,
              type: 2}
            rotationY: 0
            split: 0
        top: 9
        bottom: 9
      x: 4
      z: -6
    - chunksSer:
      - element:
          data:
            storedObject: {fileID: 177116, guid: 0356f1ac98783a64a8008164f14cfb6f,
              type: 2}
            rotationY: 0
            split: 0
        top: 9
        bottom: 9
      x: 5
      z: -6
    - chunksSer:
      - element:
          data:
            storedObject: {fileID: 177116, guid: 0356f1ac98783a64a8008164f14cfb6f,
              type: 2}
            rotationY: 0
            split: 0
        top: 9
        bottom: 9
      x: 6
      z: -6
    - chunksSer:
      - element:
          data:
            storedObject: {fileID: 177116, guid: 0356f1ac98783a64a8008164f14cfb6f,
              type: 2}
            rotationY: 0
            split: 0
        top: 9
        bottom: 9
      x: 7
      z: -6
    - chunksSer:
      - element:
          data:
            storedObject: {fileID: 177116, guid: 0356f1ac98783a64a8008164f14cfb6f,
              type: 2}
            rotationY: 0
            split: 0
        top: 9
        bottom: 9
      - element:
          data:
            storedObject: {fileID: 156308, guid: 1ca5b40aaa6321a47be642641f58300b,
              type: 2}
            rotationY: 0
            split: 0
        top: 8
        bottom: 8
      x: 6
      z: -5
    - chunksSer:
      - element:
          data:
            storedObject: {fileID: 177116, guid: 0356f1ac98783a64a8008164f14cfb6f,
              type: 2}
            rotationY: 0
            split: 0
        top: 9
        bottom: 9
      - element:
          data:
            storedObject: {fileID: 156308, guid: 1ca5b40aaa6321a47be642641f58300b,
              type: 2}
            rotationY: 0
            split: 0
        top: 8
        bottom: 8
      x: 7
      z: -5
    - chunksSer:
      - element:
          data:
            storedObject: {fileID: 156308, guid: 1ca5b40aaa6321a47be642641f58300b,
              type: 2}
            rotationY: 0
            split: 0
        top: 6
        bottom: 6
      x: 3
      z: -4
    - chunksSer:
      - element:
          data:
            storedObject: {fileID: 156308, guid: 1ca5b40aaa6321a47be642641f58300b,
              type: 2}
            rotationY: 0
            split: 0
        top: 6
        bottom: 5
      x: 3
      z: -3
    - chunksSer:
      - element:
          data:
            storedObject: {fileID: 156308, guid: 1ca5b40aaa6321a47be642641f58300b,
              type: 2}
            rotationY: 0
            split: 0
        top: 5
        bottom: 5
      - element:
          data:
            storedObject: {fileID: 156308, guid: 1ca5b40aaa6321a47be642641f58300b,
              type: 2}
            rotationY: 0
            split: 0
        top: 3
        bottom: 3
      x: 0
      z: -2
    - chunksSer:
      - element:
          data:
            storedObject: {fileID: 156308, guid: 1ca5b40aaa6321a47be642641f58300b,
              type: 2}
            rotationY: 0
            split: 0
        top: 3
        bottom: 3
      x: 1
      z: -2
    - chunksSer:
      - element:
          data:
            storedObject: {fileID: 156308, guid: 1ca5b40aaa6321a47be642641f58300b,
              type: 2}
            rotationY: 0
            split: 0
        top: 6
        bottom: 5
      x: 0
      z: -1
    - chunksSer:
      - element:
          data:
            storedObject: {fileID: 156308, guid: 1ca5b40aaa6321a47be642641f58300b,
              type: 2}
            rotationY: 0
            split: 0
        top: 6
        bottom: 6
      - element:
          data:
            storedObject: {fileID: 156308, guid: 1ca5b40aaa6321a47be642641f58300b,
              type: 2}
            rotationY: 0
            split: 0
        top: 4
        bottom: 4
      x: 1
      z: -1
    - chunksSer:
      - element:
          data:
            storedObject: {fileID: 156308, guid: 1ca5b40aaa6321a47be642641f58300b,
              type: 2}
            rotationY: 0
            split: 0
        top: 5
        bottom: 4
      x: 2
      z: -2
    - chunksSer:
      - element:
          data:
            storedObject: {fileID: 156308, guid: 1ca5b40aaa6321a47be642641f58300b,
              type: 2}
            rotationY: 0
            split: 0
        top: 6
        bottom: 2
      x: 3
      z: -2
    - chunksSer:
      - element:
          data:
            storedObject: {fileID: 156308, guid: 1ca5b40aaa6321a47be642641f58300b,
              type: 2}
            rotationY: 0
            split: 0
        top: 4
        bottom: 2
      x: 2
      z: -1
    - chunksSer:
      - element:
          data:
            storedObject: {fileID: 156308, guid: 1ca5b40aaa6321a47be642641f58300b,
              type: 2}
            rotationY: 0
            split: 0
        top: 5
        bottom: 2
      - element:
          data:
            storedObject: {fileID: 156308, guid: 1ca5b40aaa6321a47be642641f58300b,
              type: 2}
            rotationY: 0
            split: 0
        top: 0
        bottom: 0
      x: 3
      z: -1
    - chunksSer:
      - element:
          data:
            storedObject: {fileID: 156308, guid: 1ca5b40aaa6321a47be642641f58300b,
              type: 2}
            rotationY: 0
            split: 0
        top: 6
        bottom: 6
      x: 4
      z: -4
    - chunksSer:
      - element:
          data:
            storedObject: {fileID: 156308, guid: 1ca5b40aaa6321a47be642641f58300b,
              type: 2}
            rotationY: 0
            split: 0
        top: 6
        bottom: 6
      x: 5
      z: -4
    - chunksSer:
      - element:
          data:
            storedObject: {fileID: 156308, guid: 1ca5b40aaa6321a47be642641f58300b,
              type: 2}
            rotationY: 0
            split: 0
        top: 6
        bottom: 6
      x: 6
      z: -4
    - chunksSer:
      - element:
          data:
            storedObject: {fileID: 156308, guid: 1ca5b40aaa6321a47be642641f58300b,
              type: 2}
            rotationY: 0
            split: 0
        top: 8
        bottom: 6
      x: 7
      z: -4
    - chunksSer:
      - element:
          data:
            storedObject: {fileID: 156308, guid: 1ca5b40aaa6321a47be642641f58300b,
              type: 2}
            rotationY: 0
            split: 0
        top: 6
        bottom: 6
      x: 6
      z: -3
    - chunksSer:
      - element:
          data:
            storedObject: {fileID: 156308, guid: 1ca5b40aaa6321a47be642641f58300b,
              type: 2}
            rotationY: 0
            split: 0
        top: 7
        bottom: 6
      x: 7
      z: -3
    - chunksSer:
      - element:
          data:
            storedObject: {fileID: 156308, guid: 1ca5b40aaa6321a47be642641f58300b,
              type: 2}
            rotationY: 0
            split: 0
        top: 3
        bottom: 2
      x: 4
      z: -2
    - chunksSer:
      - element:
          data:
            storedObject: {fileID: 156308, guid: 1ca5b40aaa6321a47be642641f58300b,
              type: 2}
            rotationY: 0
            split: 0
        top: 5
        bottom: 5
      - element:
          data:
            storedObject: {fileID: 156308, guid: 1ca5b40aaa6321a47be642641f58300b,
              type: 2}
            rotationY: 0
            split: 0
        top: 0
        bottom: 0
      x: 4
      z: -1
    - chunksSer:
      - element:
          data:
            storedObject: {fileID: 156308, guid: 1ca5b40aaa6321a47be642641f58300b,
              type: 2}
            rotationY: 0
            split: 0
        top: 10
        bottom: 10
      - element:
          data:
            storedObject: {fileID: 156308, guid: 1ca5b40aaa6321a47be642641f58300b,
              type: 2}
            rotationY: 0
            split: 0
        top: 6
        bottom: 6
      x: 7
      z: -2
    - chunksSer:
      - element:
          data:
            storedObject: {fileID: 156308, guid: 1ca5b40aaa6321a47be642641f58300b,
              type: 2}
            rotationY: 0
            split: 0
        top: 10
        bottom: 10
      x: 7
      z: -1
    - chunksSer:
      - element:
          data:
            storedObject: {fileID: 177116, guid: 0356f1ac98783a64a8008164f14cfb6f,
              type: 2}
            rotationY: 0
            split: 0
        top: 9
        bottom: 9
      x: 8
      z: -5
    - chunksSer:
      - element:
          data:
            storedObject: {fileID: 156308, guid: 1ca5b40aaa6321a47be642641f58300b,
              type: 2}
            rotationY: 0
            split: 0
        top: 7
        bottom: 7
      x: 8
      z: -4
    - chunksSer:
      - element:
          data:
            storedObject: {fileID: 156308, guid: 1ca5b40aaa6321a47be642641f58300b,
              type: 2}
            rotationY: 0
            split: 0
        top: 7
        bottom: 7
      x: 9
      z: -4
    - chunksSer:
      - element:
          data:
            storedObject: {fileID: 156308, guid: 1ca5b40aaa6321a47be642641f58300b,
              type: 2}
            rotationY: 0
            split: 0
        top: 6
        bottom: 6
      x: 8
      z: -3
    - chunksSer:
      - element:
          data:
            storedObject: {fileID: 156308, guid: 1ca5b40aaa6321a47be642641f58300b,
              type: 2}
            rotationY: 0
            split: 0
        top: 7
        bottom: 7
      x: 9
      z: -3
    - chunksSer:
      - element:
          data:
            storedObject: {fileID: 156308, guid: 1ca5b40aaa6321a47be642641f58300b,
              type: 2}
            rotationY: 0
            split: 0
        top: 7
        bottom: 7
      x: 10
      z: -3
    - chunksSer:
      - element:
          data:
            storedObject: {fileID: 177116, guid: 0356f1ac98783a64a8008164f14cfb6f,
              type: 2}
            rotationY: 0
            split: 0
        top: 0
        bottom: 0
      x: -5
      z: 0
    - chunksSer:
      - element:
          data:
            storedObject: {fileID: 177116, guid: 0356f1ac98783a64a8008164f14cfb6f,
              type: 2}
            rotationY: 0
            split: 0
        top: 0
        bottom: 0
      x: -6
      z: 1
    - chunksSer:
      - element:
          data:
            storedObject: {fileID: 177116, guid: 0356f1ac98783a64a8008164f14cfb6f,
              type: 2}
            rotationY: 0
            split: 0
        top: 0
        bottom: 0
      x: -5
      z: 1
    - chunksSer:
      - element:
          data:
            storedObject: {fileID: 177116, guid: 0356f1ac98783a64a8008164f14cfb6f,
              type: 2}
            rotationY: 0
            split: 0
        top: 0
        bottom: 0
      x: -6
      z: 2
    - chunksSer:
      - element:
          data:
            storedObject: {fileID: 156308, guid: 1ca5b40aaa6321a47be642641f58300b,
              type: 2}
            rotationY: 0
            split: 0
        top: 3
        bottom: 3
      x: -2
      z: 0
    - chunksSer:
      - element:
          data:
            storedObject: {fileID: 156308, guid: 1ca5b40aaa6321a47be642641f58300b,
              type: 2}
            rotationY: 0
            split: 0
        top: 6
        bottom: 6
      - element:
          data:
            storedObject: {fileID: 156308, guid: 1ca5b40aaa6321a47be642641f58300b,
              type: 2}
            rotationY: 0
            split: 0
        top: 4
        bottom: 3
      x: -1
      z: 0
    - chunksSer:
      - element:
          data:
            storedObject: {fileID: 156308, guid: 1ca5b40aaa6321a47be642641f58300b,
              type: 2}
            rotationY: 0
            split: 0
        top: 3
        bottom: 3
      x: -2
      z: 1
    - chunksSer:
      - element:
          data:
            storedObject: {fileID: 156308, guid: 1ca5b40aaa6321a47be642641f58300b,
              type: 2}
            rotationY: 0
            split: 0
        top: 3
        bottom: 3
      x: -1
      z: 1
    - chunksSer:
      - element:
          data:
            storedObject: {fileID: 156308, guid: 1ca5b40aaa6321a47be642641f58300b,
              type: 2}
            rotationY: 0
            split: 0
        top: 2
        bottom: 2
      x: -2
      z: 2
    - chunksSer:
      - element:
          data:
            storedObject: {fileID: 156308, guid: 1ca5b40aaa6321a47be642641f58300b,
              type: 2}
            rotationY: 0
            split: 0
        top: 3
        bottom: 2
      - element:
          data:
            storedObject: {fileID: 156308, guid: 1ca5b40aaa6321a47be642641f58300b,
              type: 2}
            rotationY: 0
            split: 0
        top: 0
        bottom: 0
      x: -1
      z: 2
    - chunksSer:
      - element:
          data:
            storedObject: {fileID: 156308, guid: 1ca5b40aaa6321a47be642641f58300b,
              type: 2}
            rotationY: 0
            split: 0
        top: 2
        bottom: 2
      x: -2
      z: 3
    - chunksSer:
      - element:
          data:
            storedObject: {fileID: 156308, guid: 1ca5b40aaa6321a47be642641f58300b,
              type: 2}
            rotationY: 0
            split: 0
        top: 9
        bottom: 9
      - element:
          data:
            storedObject: {fileID: 156308, guid: 1ca5b40aaa6321a47be642641f58300b,
              type: 2}
            rotationY: 0
            split: 0
        top: 0
        bottom: 0
      x: -1
      z: 3
    - chunksSer:
      - element:
          data:
            storedObject: {fileID: 177116, guid: 0356f1ac98783a64a8008164f14cfb6f,
              type: 2}
            rotationY: 0
            split: 0
        top: 0
        bottom: 0
      x: -7
      z: 6
    - chunksSer:
      - element:
          data:
            storedObject: {fileID: 156308, guid: 1ca5b40aaa6321a47be642641f58300b,
              type: 2}
            rotationY: 0
            split: 0
        top: 1
        bottom: 1
      x: -5
      z: 6
    - chunksSer:
      - element:
          data:
            storedObject: {fileID: 156308, guid: 1ca5b40aaa6321a47be642641f58300b,
              type: 2}
            rotationY: 0
            split: 0
        top: 1
        bottom: 1
      x: -5
      z: 7
    - chunksSer:
      - element:
          data:
            storedObject: {fileID: 156308, guid: 1ca5b40aaa6321a47be642641f58300b,
              type: 2}
            rotationY: 0
            split: 0
        top: 2
        bottom: 1
      x: -3
      z: 5
    - chunksSer:
      - element:
          data:
            storedObject: {fileID: 156308, guid: 1ca5b40aaa6321a47be642641f58300b,
              type: 2}
            rotationY: 0
            split: 0
        top: 2
        bottom: 1
      x: -2
      z: 4
    - chunksSer:
      - element:
          data:
            storedObject: {fileID: 156308, guid: 1ca5b40aaa6321a47be642641f58300b,
              type: 2}
            rotationY: 0
            split: 0
        top: 9
        bottom: 9
      - element:
          data:
            storedObject: {fileID: 156308, guid: 1ca5b40aaa6321a47be642641f58300b,
              type: 2}
            rotationY: 0
            split: 0
        top: 1
        bottom: 1
      x: -1
      z: 4
    - chunksSer:
      - element:
          data:
            storedObject: {fileID: 156308, guid: 1ca5b40aaa6321a47be642641f58300b,
              type: 2}
            rotationY: 0
            split: 0
        top: 1
        bottom: 1
      x: -2
      z: 5
    - chunksSer:
      - element:
          data:
            storedObject: {fileID: 156308, guid: 1ca5b40aaa6321a47be642641f58300b,
              type: 2}
            rotationY: 0
            split: 0
        top: 1
        bottom: 1
      x: -1
      z: 5
    - chunksSer:
      - element:
          data:
            storedObject: {fileID: 156308, guid: 1ca5b40aaa6321a47be642641f58300b,
              type: 2}
            rotationY: 0
            split: 0
        top: 1
        bottom: 1
      x: -3
      z: 6
    - chunksSer:
      - element:
          data:
            storedObject: {fileID: 156308, guid: 1ca5b40aaa6321a47be642641f58300b,
              type: 2}
            rotationY: 0
            split: 0
        top: 1
        bottom: 1
      x: -4
      z: 7
    - chunksSer:
      - element:
          data:
            storedObject: {fileID: 156308, guid: 1ca5b40aaa6321a47be642641f58300b,
              type: 2}
            rotationY: 0
            split: 0
        top: 2
        bottom: 0
      x: -2
      z: 6
    - chunksSer:
      - element:
          data:
            storedObject: {fileID: 156308, guid: 1ca5b40aaa6321a47be642641f58300b,
              type: 2}
            rotationY: 0
            split: 0
        top: 0
        bottom: 0
      x: -1
      z: 6
    - chunksSer:
      - element:
          data:
            storedObject: {fileID: 156308, guid: 1ca5b40aaa6321a47be642641f58300b,
              type: 2}
            rotationY: 0
            split: 0
        top: 2
        bottom: 0
      x: -2
      z: 7
    - chunksSer:
      - element:
          data:
            storedObject: {fileID: 156308, guid: 1ca5b40aaa6321a47be642641f58300b,
              type: 2}
            rotationY: 0
            split: 0
        top: 0
        bottom: 0
      x: -1
      z: 7
    - chunksSer:
      - element:
          data:
            storedObject: {fileID: 156308, guid: 1ca5b40aaa6321a47be642641f58300b,
              type: 2}
            rotationY: 0
            split: 0
        top: 1
        bottom: 1
      x: -2
      z: 8
    - chunksSer:
      - element:
          data:
            storedObject: {fileID: 156308, guid: 1ca5b40aaa6321a47be642641f58300b,
              type: 2}
            rotationY: 0
            split: 0
        top: 2
        bottom: 0
      x: -1
      z: 8
    - chunksSer:
      - element:
          data:
            storedObject: {fileID: 156308, guid: 1ca5b40aaa6321a47be642641f58300b,
              type: 2}
            rotationY: 0
            split: 0
        top: 1
        bottom: 1
      x: -1
      z: 9
    - chunksSer:
      - element:
          data:
            storedObject: {fileID: 156308, guid: 1ca5b40aaa6321a47be642641f58300b,
              type: 2}
            rotationY: 0
            split: 0
        top: 5
        bottom: 4
      x: 0
      z: 0
    - chunksSer:
      - element:
          data:
            storedObject: {fileID: 156308, guid: 1ca5b40aaa6321a47be642641f58300b,
              type: 2}
            rotationY: 0
            split: 0
        top: 6
        bottom: 5
      - element:
          data:
            storedObject: {fileID: 156308, guid: 1ca5b40aaa6321a47be642641f58300b,
              type: 2}
            rotationY: 0
            split: 0
        top: 0
        bottom: 0
      x: 1
      z: 0
    - chunksSer:
      - element:
          data:
            storedObject: {fileID: 156308, guid: 1ca5b40aaa6321a47be642641f58300b,
              type: 2}
            rotationY: 0
            split: 0
        top: 6
        bottom: 6
      - element:
          data:
            storedObject: {fileID: 156308, guid: 1ca5b40aaa6321a47be642641f58300b,
              type: 2}
            rotationY: 0
            split: 0
        top: 4
        bottom: 4
      - element:
          data:
            storedObject: {fileID: 156308, guid: 1ca5b40aaa6321a47be642641f58300b,
              type: 2}
            rotationY: 0
            split: 0
        top: 1
        bottom: 1
      x: 0
      z: 1
    - chunksSer:
      - element:
          data:
            storedObject: {fileID: 156308, guid: 1ca5b40aaa6321a47be642641f58300b,
              type: 2}
            rotationY: 0
            split: 0
        top: 6
        bottom: 4
      - element:
          data:
            storedObject: {fileID: 156308, guid: 1ca5b40aaa6321a47be642641f58300b,
              type: 2}
            rotationY: 0
            split: 0
        top: 2
        bottom: 1
      x: 1
      z: 1
    - chunksSer:
      - element:
          data:
            storedObject: {fileID: 156308, guid: 1ca5b40aaa6321a47be642641f58300b,
              type: 2}
            rotationY: 0
            split: 0
        top: 3
        bottom: 0
      x: 2
      z: 0
    - chunksSer:
      - element:
          data:
            storedObject: {fileID: 156308, guid: 1ca5b40aaa6321a47be642641f58300b,
              type: 2}
            rotationY: 0
            split: 0
        top: 3
        bottom: 0
      x: 3
      z: 0
    - chunksSer:
      - element:
          data:
            storedObject: {fileID: 156308, guid: 1ca5b40aaa6321a47be642641f58300b,
              type: 2}
            rotationY: 0
            split: 0
        top: 8
        bottom: 6
      - element:
          data:
            storedObject: {fileID: 156308, guid: 1ca5b40aaa6321a47be642641f58300b,
              type: 2}
            rotationY: 0
            split: 0
        top: 2
        bottom: 1
      x: 2
      z: 1
    - chunksSer:
      - element:
          data:
            storedObject: {fileID: 156308, guid: 1ca5b40aaa6321a47be642641f58300b,
              type: 2}
            rotationY: 0
            split: 0
        top: 7
        bottom: 7
      x: 3
      z: 1
    - chunksSer:
      - element:
          data:
            storedObject: {fileID: 156308, guid: 1ca5b40aaa6321a47be642641f58300b,
              type: 2}
            rotationY: 0
            split: 0
        top: 3
        bottom: 3
      - element:
          data:
            storedObject: {fileID: 156308, guid: 1ca5b40aaa6321a47be642641f58300b,
              type: 2}
            rotationY: 0
            split: 0
        top: 1
        bottom: 0
      x: 0
      z: 2
    - chunksSer:
      - element:
          data:
            storedObject: {fileID: 156308, guid: 1ca5b40aaa6321a47be642641f58300b,
              type: 2}
            rotationY: 0
            split: 0
        top: 6
        bottom: 0
      x: 1
      z: 2
    - chunksSer:
      - element:
          data:
            storedObject: {fileID: 156308, guid: 1ca5b40aaa6321a47be642641f58300b,
              type: 2}
            rotationY: 0
            split: 0
        top: 9
        bottom: 9
      - element:
          data:
            storedObject: {fileID: 156308, guid: 1ca5b40aaa6321a47be642641f58300b,
              type: 2}
            rotationY: 0
            split: 0
        top: 1
        bottom: 0
      x: 0
      z: 3
    - chunksSer:
      - element:
          data:
            storedObject: {fileID: 156308, guid: 1ca5b40aaa6321a47be642641f58300b,
              type: 2}
            rotationY: 0
            split: 0
        top: 9
        bottom: 9
      - element:
          data:
            storedObject: {fileID: 156308, guid: 1ca5b40aaa6321a47be642641f58300b,
              type: 2}
            rotationY: 0
            split: 0
        top: 4
        bottom: 0
      x: 1
      z: 3
    - chunksSer:
      - element:
          data:
            storedObject: {fileID: 156308, guid: 1ca5b40aaa6321a47be642641f58300b,
              type: 2}
            rotationY: 0
            split: 0
        top: 8
        bottom: 8
      - element:
          data:
            storedObject: {fileID: 156308, guid: 1ca5b40aaa6321a47be642641f58300b,
              type: 2}
            rotationY: 0
            split: 0
        top: 1
        bottom: 0
      x: 2
      z: 2
    - chunksSer:
      - element:
          data:
            storedObject: {fileID: 156308, guid: 1ca5b40aaa6321a47be642641f58300b,
              type: 2}
            rotationY: 0
            split: 0
        top: 9
        bottom: 8
      - element:
          data:
            storedObject: {fileID: 156308, guid: 1ca5b40aaa6321a47be642641f58300b,
              type: 2}
            rotationY: 0
            split: 0
        top: 2
        bottom: 0
      x: 2
      z: 3
    - chunksSer:
      - element:
          data:
            storedObject: {fileID: 156308, guid: 1ca5b40aaa6321a47be642641f58300b,
              type: 2}
            rotationY: 0
            split: 0
        top: 2
        bottom: 2
      - element:
          data:
            storedObject: {fileID: 156308, guid: 1ca5b40aaa6321a47be642641f58300b,
              type: 2}
            rotationY: 0
            split: 0
        top: 0
        bottom: 0
      x: 3
      z: 3
    - chunksSer:
      - element:
          data:
            storedObject: {fileID: 156308, guid: 1ca5b40aaa6321a47be642641f58300b,
              type: 2}
            rotationY: 0
            split: 0
        top: 7
        bottom: 7
      x: 4
      z: 0
    - chunksSer:
      - element:
          data:
            storedObject: {fileID: 156308, guid: 1ca5b40aaa6321a47be642641f58300b,
              type: 2}
            rotationY: 0
            split: 0
        top: 7
        bottom: 7
      - element:
          data:
            storedObject: {fileID: 156308, guid: 1ca5b40aaa6321a47be642641f58300b,
              type: 2}
            rotationY: 0
            split: 0
        top: 0
        bottom: 0
      x: 5
      z: 0
    - chunksSer:
      - element:
          data:
            storedObject: {fileID: 156308, guid: 1ca5b40aaa6321a47be642641f58300b,
              type: 2}
            rotationY: 0
            split: 0
        top: 7
        bottom: 7
      x: 5
      z: 1
    - chunksSer:
      - element:
          data:
            storedObject: {fileID: 156308, guid: 1ca5b40aaa6321a47be642641f58300b,
              type: 2}
            rotationY: 0
            split: 0
        top: 0
        bottom: 0
      x: 6
      z: 0
    - chunksSer:
      - element:
          data:
            storedObject: {fileID: 156308, guid: 1ca5b40aaa6321a47be642641f58300b,
              type: 2}
            rotationY: 0
            split: 0
        top: 10
        bottom: 10
      - element:
          data:
            storedObject: {fileID: 156308, guid: 1ca5b40aaa6321a47be642641f58300b,
              type: 2}
            rotationY: 0
            split: 0
        top: 0
        bottom: 0
      x: 7
      z: 0
    - chunksSer:
      - element:
          data:
            storedObject: {fileID: 156308, guid: 1ca5b40aaa6321a47be642641f58300b,
              type: 2}
            rotationY: 0
            split: 0
        top: 7
        bottom: 7
      x: 6
      z: 1
    - chunksSer:
      - element:
          data:
            storedObject: {fileID: 156308, guid: 1ca5b40aaa6321a47be642641f58300b,
              type: 2}
            rotationY: 0
            split: 0
        top: 10
        bottom: 10
      - element:
          data:
            storedObject: {fileID: 156308, guid: 1ca5b40aaa6321a47be642641f58300b,
              type: 2}
            rotationY: 0
            split: 0
        top: 0
        bottom: 0
      x: 7
      z: 1
    - chunksSer:
      - element:
          data:
            storedObject: {fileID: 156308, guid: 1ca5b40aaa6321a47be642641f58300b,
              type: 2}
            rotationY: 0
            split: 0
        top: 2
        bottom: 0
      x: 4
      z: 3
    - chunksSer:
      - element:
          data:
            storedObject: {fileID: 156308, guid: 1ca5b40aaa6321a47be642641f58300b,
              type: 2}
            rotationY: 0
            split: 0
        top: 2
        bottom: 2
      x: 5
      z: 3
    - chunksSer:
      - element:
          data:
            storedObject: {fileID: 156308, guid: 1ca5b40aaa6321a47be642641f58300b,
              type: 2}
            rotationY: 0
            split: 0
        top: 1
        bottom: 1
      x: 6
      z: 2
    - chunksSer:
      - element:
          data:
            storedObject: {fileID: 156308, guid: 1ca5b40aaa6321a47be642641f58300b,
              type: 2}
            rotationY: 0
            split: 0
        top: 10
        bottom: 10
      - element:
          data:
            storedObject: {fileID: 156308, guid: 1ca5b40aaa6321a47be642641f58300b,
              type: 2}
            rotationY: 0
            split: 0
        top: 1
        bottom: 0
      x: 7
      z: 2
    - chunksSer:
      - element:
          data:
            storedObject: {fileID: 156308, guid: 1ca5b40aaa6321a47be642641f58300b,
              type: 2}
            rotationY: 0
            split: 0
        top: 1
        bottom: 1
      x: 6
      z: 3
    - chunksSer:
      - element:
          data:
            storedObject: {fileID: 156308, guid: 1ca5b40aaa6321a47be642641f58300b,
              type: 2}
            rotationY: 0
            split: 0
        top: 2
        bottom: 0
      x: 0
      z: 4
    - chunksSer:
      - element:
          data:
            storedObject: {fileID: 156308, guid: 1ca5b40aaa6321a47be642641f58300b,
              type: 2}
            rotationY: 0
            split: 0
        top: 3
        bottom: 0
      x: 1
      z: 4
    - chunksSer:
      - element:
          data:
            storedObject: {fileID: 156308, guid: 1ca5b40aaa6321a47be642641f58300b,
              type: 2}
            rotationY: 0
            split: 0
        top: 2
        bottom: 0
      x: 0
      z: 5
    - chunksSer:
      - element:
          data:
            storedObject: {fileID: 156308, guid: 1ca5b40aaa6321a47be642641f58300b,
              type: 2}
            rotationY: 0
            split: 0
        top: 3
        bottom: 0
      x: 1
      z: 5
    - chunksSer:
      - element:
          data:
            storedObject: {fileID: 156308, guid: 1ca5b40aaa6321a47be642641f58300b,
              type: 2}
            rotationY: 0
            split: 0
        top: 8
        bottom: 8
      - element:
          data:
            storedObject: {fileID: 156308, guid: 1ca5b40aaa6321a47be642641f58300b,
              type: 2}
            rotationY: 0
            split: 0
        top: 2
        bottom: 0
      x: 2
      z: 4
    - chunksSer:
      - element:
          data:
            storedObject: {fileID: 156308, guid: 1ca5b40aaa6321a47be642641f58300b,
              type: 2}
            rotationY: 0
            split: 0
        top: 0
        bottom: 0
      x: 3
      z: 4
    - chunksSer:
      - element:
          data:
            storedObject: {fileID: 156308, guid: 1ca5b40aaa6321a47be642641f58300b,
              type: 2}
            rotationY: 0
            split: 0
        top: 8
        bottom: 8
      - element:
          data:
            storedObject: {fileID: 156308, guid: 1ca5b40aaa6321a47be642641f58300b,
              type: 2}
            rotationY: 0
            split: 0
        top: 3
        bottom: 0
      x: 2
      z: 5
    - chunksSer:
      - element:
          data:
            storedObject: {fileID: 156308, guid: 1ca5b40aaa6321a47be642641f58300b,
              type: 2}
            rotationY: 0
            split: 0
        top: 2
        bottom: 0
      x: 3
      z: 5
    - chunksSer:
      - element:
          data:
            storedObject: {fileID: 156308, guid: 1ca5b40aaa6321a47be642641f58300b,
              type: 2}
            rotationY: 0
            split: 0
        top: 2
        bottom: 2
      - element:
          data:
            storedObject: {fileID: 156308, guid: 1ca5b40aaa6321a47be642641f58300b,
              type: 2}
            rotationY: 0
            split: 0
        top: 0
        bottom: 0
      x: 0
      z: 6
    - chunksSer:
      - element:
          data:
            storedObject: {fileID: 156308, guid: 1ca5b40aaa6321a47be642641f58300b,
              type: 2}
            rotationY: 0
            split: 0
        top: 2
        bottom: 1
      x: 1
      z: 6
    - chunksSer:
      - element:
          data:
            storedObject: {fileID: 156308, guid: 1ca5b40aaa6321a47be642641f58300b,
              type: 2}
            rotationY: 0
            split: 0
        top: 1
        bottom: 1
      x: 0
      z: 7
    - chunksSer:
      - element:
          data:
            storedObject: {fileID: 156308, guid: 1ca5b40aaa6321a47be642641f58300b,
              type: 2}
            rotationY: 0
            split: 0
        top: 8
        bottom: 8
      - element:
          data:
            storedObject: {fileID: 156308, guid: 1ca5b40aaa6321a47be642641f58300b,
              type: 2}
            rotationY: 0
            split: 0
        top: 0
        bottom: 0
      x: 1
      z: 7
    - chunksSer:
      - element:
          data:
            storedObject: {fileID: 156308, guid: 1ca5b40aaa6321a47be642641f58300b,
              type: 2}
            rotationY: 0
            split: 0
        top: 1
        bottom: 1
      x: 2
      z: 6
    - chunksSer:
      - element:
          data:
            storedObject: {fileID: 156308, guid: 1ca5b40aaa6321a47be642641f58300b,
              type: 2}
            rotationY: 0
            split: 0
        top: 2
        bottom: 0
      x: 3
      z: 6
    - chunksSer:
      - element:
          data:
            storedObject: {fileID: 156308, guid: 1ca5b40aaa6321a47be642641f58300b,
              type: 2}
            rotationY: 0
            split: 0
        top: 1
        bottom: 0
      x: 3
      z: 7
    - chunksSer:
      - element:
          data:
            storedObject: {fileID: 156308, guid: 1ca5b40aaa6321a47be642641f58300b,
              type: 2}
            rotationY: 0
            split: 0
        top: 0
        bottom: 0
      x: 4
      z: 4
    - chunksSer:
      - element:
          data:
            storedObject: {fileID: 156308, guid: 1ca5b40aaa6321a47be642641f58300b,
              type: 2}
            rotationY: 0
            split: 0
        top: 0
        bottom: 0
      x: 5
      z: 4
    - chunksSer:
      - element:
          data:
            storedObject: {fileID: 156308, guid: 1ca5b40aaa6321a47be642641f58300b,
              type: 2}
            rotationY: 0
            split: 0
        top: 0
        bottom: 0
      x: 4
      z: 5
    - chunksSer:
      - element:
          data:
            storedObject: {fileID: 156308, guid: 1ca5b40aaa6321a47be642641f58300b,
              type: 2}
            rotationY: 0
            split: 0
        top: 0
        bottom: 0
      x: 5
      z: 5
    - chunksSer:
      - element:
          data:
            storedObject: {fileID: 156308, guid: 1ca5b40aaa6321a47be642641f58300b,
              type: 2}
            rotationY: 0
            split: 0
        top: 1
        bottom: 0
      x: 6
      z: 4
    - chunksSer:
      - element:
          data:
            storedObject: {fileID: 156308, guid: 1ca5b40aaa6321a47be642641f58300b,
              type: 2}
            rotationY: 0
            split: 0
        top: 1
        bottom: 0
      x: 7
      z: 4
    - chunksSer:
      - element:
          data:
            storedObject: {fileID: 156308, guid: 1ca5b40aaa6321a47be642641f58300b,
              type: 2}
            rotationY: 0
            split: 0
        top: 1
        bottom: 0
      x: 7
      z: 5
    - chunksSer:
      - element:
          data:
            storedObject: {fileID: 156308, guid: 1ca5b40aaa6321a47be642641f58300b,
              type: 2}
            rotationY: 0
            split: 0
        top: 2
        bottom: 0
      x: 4
      z: 6
    - chunksSer:
      - element:
          data:
            storedObject: {fileID: 156308, guid: 1ca5b40aaa6321a47be642641f58300b,
              type: 2}
            rotationY: 0
            split: 0
        top: 0
        bottom: 0
      x: 4
      z: 7
    - chunksSer:
      - element:
          data:
            storedObject: {fileID: 156308, guid: 1ca5b40aaa6321a47be642641f58300b,
              type: 2}
            rotationY: 0
            split: 0
        top: 0
        bottom: 0
      x: 5
      z: 7
    - chunksSer:
      - element:
          data:
            storedObject: {fileID: 156308, guid: 1ca5b40aaa6321a47be642641f58300b,
              type: 2}
            rotationY: 0
            split: 0
        top: 1
        bottom: 0
      x: 8
      z: 2
    - chunksSer:
      - element:
          data:
            storedObject: {fileID: 156308, guid: 1ca5b40aaa6321a47be642641f58300b,
              type: 2}
            rotationY: 0
            split: 0
        top: 0
        bottom: 0
      x: 8
      z: 3
    - chunksSer:
      - element:
          data:
            storedObject: {fileID: 156308, guid: 1ca5b40aaa6321a47be642641f58300b,
              type: 2}
            rotationY: 0
            split: 0
        top: 1
        bottom: 1
      x: 9
      z: 3
    - chunksSer:
      - element:
          data:
            storedObject: {fileID: 156308, guid: 1ca5b40aaa6321a47be642641f58300b,
              type: 2}
            rotationY: 0
            split: 0
        top: 0
        bottom: 0
      x: 12
      z: 3
    - chunksSer:
      - element:
          data:
            storedObject: {fileID: 156308, guid: 1ca5b40aaa6321a47be642641f58300b,
              type: 2}
            rotationY: 0
            split: 0
        top: 0
        bottom: 0
      x: 13
      z: 3
    - chunksSer:
      - element:
          data:
            storedObject: {fileID: 156308, guid: 1ca5b40aaa6321a47be642641f58300b,
              type: 2}
            rotationY: 0
            split: 0
        top: 0
        bottom: 0
      x: 14
      z: 3
    - chunksSer:
      - element:
          data:
            storedObject: {fileID: 156308, guid: 1ca5b40aaa6321a47be642641f58300b,
              type: 2}
            rotationY: 0
            split: 0
        top: 10
        bottom: 10
      - element:
          data:
            storedObject: {fileID: 156308, guid: 1ca5b40aaa6321a47be642641f58300b,
              type: 2}
            rotationY: 0
            split: 0
        top: 0
        bottom: 0
      x: 8
      z: 4
    - chunksSer:
      - element:
          data:
            storedObject: {fileID: 156308, guid: 1ca5b40aaa6321a47be642641f58300b,
              type: 2}
            rotationY: 0
            split: 0
        top: 1
        bottom: 0
      x: 8
      z: 5
    - chunksSer:
      - element:
          data:
            storedObject: {fileID: 156308, guid: 1ca5b40aaa6321a47be642641f58300b,
              type: 2}
            rotationY: 0
            split: 0
        top: 0
        bottom: 0
      x: 9
      z: 5
    - chunksSer:
      - element:
          data:
            storedObject: {fileID: 156308, guid: 1ca5b40aaa6321a47be642641f58300b,
              type: 2}
            rotationY: 0
            split: 0
        top: 10
        bottom: 10
      - element:
          data:
            storedObject: {fileID: 156308, guid: 1ca5b40aaa6321a47be642641f58300b,
              type: 2}
            rotationY: 0
            split: 0
        top: 0
        bottom: 0
      x: 8
      z: 6
    - chunksSer:
      - element:
          data:
            storedObject: {fileID: 156308, guid: 1ca5b40aaa6321a47be642641f58300b,
              type: 2}
            rotationY: 0
            split: 0
        top: 0
        bottom: 0
      x: 8
      z: 7
    - chunksSer:
      - element:
          data:
            storedObject: {fileID: 156308, guid: 1ca5b40aaa6321a47be642641f58300b,
              type: 2}
            rotationY: 0
            split: 0
        top: 0
        bottom: 0
      x: 9
      z: 7
    - chunksSer:
      - element:
          data:
            storedObject: {fileID: 156308, guid: 1ca5b40aaa6321a47be642641f58300b,
              type: 2}
            rotationY: 0
            split: 0
        top: 0
        bottom: 0
      x: 12
      z: 4
    - chunksSer:
      - element:
          data:
            storedObject: {fileID: 156308, guid: 1ca5b40aaa6321a47be642641f58300b,
              type: 2}
            rotationY: 0
            split: 0
        top: 0
        bottom: 0
      x: 12
      z: 5
    - chunksSer:
      - element:
          data:
            storedObject: {fileID: 156308, guid: 1ca5b40aaa6321a47be642641f58300b,
              type: 2}
            rotationY: 0
            split: 0
        top: 0
        bottom: 0
      x: 13
      z: 5
    - chunksSer:
      - element:
          data:
            storedObject: {fileID: 156308, guid: 1ca5b40aaa6321a47be642641f58300b,
              type: 2}
            rotationY: 0
            split: 0
        top: 0
        bottom: 0
      x: 14
      z: 4
    - chunksSer:
      - element:
          data:
            storedObject: {fileID: 156308, guid: 1ca5b40aaa6321a47be642641f58300b,
              type: 2}
            rotationY: 0
            split: 0
        top: 0
        bottom: 0
      x: 14
      z: 6
    - chunksSer:
      - element:
          data:
            storedObject: {fileID: 156308, guid: 1ca5b40aaa6321a47be642641f58300b,
              type: 2}
            rotationY: 0
            split: 0
        top: 1
        bottom: 1
      x: 0
      z: 8
    - chunksSer:
      - element:
          data:
            storedObject: {fileID: 156308, guid: 1ca5b40aaa6321a47be642641f58300b,
              type: 2}
            rotationY: 0
            split: 0
        top: 2
        bottom: 0
      x: 0
      z: 9
    - chunksSer:
      - element:
          data:
            storedObject: {fileID: 156308, guid: 1ca5b40aaa6321a47be642641f58300b,
              type: 2}
            rotationY: 0
            split: 0
        top: 8
        bottom: 8
      - element:
          data:
            storedObject: {fileID: 156308, guid: 1ca5b40aaa6321a47be642641f58300b,
              type: 2}
            rotationY: 0
            split: 0
        top: 0
        bottom: 0
      x: 1
      z: 9
    - chunksSer:
      - element:
          data:
            storedObject: {fileID: 156308, guid: 1ca5b40aaa6321a47be642641f58300b,
              type: 2}
            rotationY: 0
            split: 0
        top: 1
        bottom: 1
      x: 3
      z: 8
    - chunksSer:
      - element:
          data:
            storedObject: {fileID: 156308, guid: 1ca5b40aaa6321a47be642641f58300b,
              type: 2}
            rotationY: 0
            split: 0
        top: 0
        bottom: 0
      x: 0
      z: 10
    - chunksSer:
      - element:
          data:
            storedObject: {fileID: 156308, guid: 1ca5b40aaa6321a47be642641f58300b,
              type: 2}
            rotationY: 0
            split: 0
        top: 8
        bottom: 8
      - element:
          data:
            storedObject: {fileID: 156308, guid: 1ca5b40aaa6321a47be642641f58300b,
              type: 2}
            rotationY: 0
            split: 0
        top: 0
        bottom: 0
      x: 1
      z: 10
    - chunksSer:
      - element:
          data:
            storedObject: {fileID: 156308, guid: 1ca5b40aaa6321a47be642641f58300b,
              type: 2}
            rotationY: 0
            split: 0
        top: 8
        bottom: 8
      x: 1
      z: 11
    - chunksSer:
      - element:
          data:
            storedObject: {fileID: 156308, guid: 1ca5b40aaa6321a47be642641f58300b,
              type: 2}
            rotationY: 0
            split: 0
        top: 0
        bottom: 0
      x: 2
      z: 10
    - chunksSer:
      - element:
          data:
            storedObject: {fileID: 156308, guid: 1ca5b40aaa6321a47be642641f58300b,
              type: 2}
            rotationY: 0
            split: 0
        top: 1
        bottom: 0
      x: 4
      z: 8
    - chunksSer:
      - element:
          data:
            storedObject: {fileID: 156308, guid: 1ca5b40aaa6321a47be642641f58300b,
              type: 2}
            rotationY: 0
            split: 0
        top: 0
        bottom: 0
      x: 5
      z: 8
    - chunksSer:
      - element:
          data:
            storedObject: {fileID: 156308, guid: 1ca5b40aaa6321a47be642641f58300b,
              type: 2}
            rotationY: 0
            split: 0
        top: 0
        bottom: 0
      x: 5
      z: 9
    - chunksSer:
      - element:
          data:
            storedObject: {fileID: 156308, guid: 1ca5b40aaa6321a47be642641f58300b,
              type: 2}
            rotationY: 0
            split: 0
        top: 0
        bottom: 0
      x: 7
      z: 10
    - chunksSer:
      - element:
          data:
            storedObject: {fileID: 156308, guid: 1ca5b40aaa6321a47be642641f58300b,
              type: 2}
            rotationY: 0
            split: 0
        top: 8
        bottom: 8
      x: 1
      z: 12
    - chunksSer:
      - element:
          data:
            storedObject: {fileID: 156308, guid: 1ca5b40aaa6321a47be642641f58300b,
              type: 2}
            rotationY: 0
            split: 0
        top: 9
        bottom: 8
      x: 1
      z: 14
    - chunksSer:
      - element:
          data:
            storedObject: {fileID: 156308, guid: 1ca5b40aaa6321a47be642641f58300b,
              type: 2}
            rotationY: 0
            split: 0
        top: 9
        bottom: 9
      x: 2
      z: 14
    - chunksSer:
      - element:
          data:
            storedObject: {fileID: 156308, guid: 1ca5b40aaa6321a47be642641f58300b,
              type: 2}
            rotationY: 0
            split: 0
        top: 9
        bottom: 9
      x: 3
      z: 14
    - chunksSer:
      - element:
          data:
            storedObject: {fileID: 156308, guid: 1ca5b40aaa6321a47be642641f58300b,
              type: 2}
            rotationY: 0
            split: 0
        top: 9
        bottom: 9
      x: 4
      z: 14
    - chunksSer:
      - element:
          data:
            storedObject: {fileID: 156308, guid: 1ca5b40aaa6321a47be642641f58300b,
              type: 2}
            rotationY: 0
            split: 0
        top: 9
        bottom: 9
      x: 5
      z: 14
    - chunksSer:
      - element:
          data:
            storedObject: {fileID: 156308, guid: 1ca5b40aaa6321a47be642641f58300b,
              type: 2}
            rotationY: 0
            split: 0
        top: 9
        bottom: 9
      x: 6
      z: 14
    - chunksSer:
      - element:
          data:
            storedObject: {fileID: 156308, guid: 1ca5b40aaa6321a47be642641f58300b,
              type: 2}
            rotationY: 0
            split: 0
        top: 9
        bottom: 9
      x: 7
      z: 14
    - chunksSer:
      - element:
          data:
            storedObject: {fileID: 156308, guid: 1ca5b40aaa6321a47be642641f58300b,
              type: 2}
            rotationY: 0
            split: 0
        top: 10
        bottom: 10
      x: 8
      z: 8
    - chunksSer:
      - element:
          data:
            storedObject: {fileID: 156308, guid: 1ca5b40aaa6321a47be642641f58300b,
              type: 2}
            rotationY: 0
            split: 0
        top: 0
        bottom: 0
      x: 9
      z: 8
    - chunksSer:
      - element:
          data:
            storedObject: {fileID: 156308, guid: 1ca5b40aaa6321a47be642641f58300b,
              type: 2}
            rotationY: 0
            split: 0
        top: 0
        bottom: 0
      x: 10
      z: 9
    - chunksSer:
      - element:
          data:
            storedObject: {fileID: 156308, guid: 1ca5b40aaa6321a47be642641f58300b,
              type: 2}
            rotationY: 0
            split: 0
        top: 10
        bottom: 10
      - element:
          data:
            storedObject: {fileID: 156308, guid: 1ca5b40aaa6321a47be642641f58300b,
              type: 2}
            rotationY: 0
            split: 0
        top: 0
        bottom: 0
      x: 8
      z: 10
    - chunksSer:
      - element:
          data:
            storedObject: {fileID: 156308, guid: 1ca5b40aaa6321a47be642641f58300b,
              type: 2}
            rotationY: 0
            split: 0
        top: 10
        bottom: 10
      x: 8
      z: 11
    - chunksSer:
      - element:
          data:
            storedObject: {fileID: 156308, guid: 1ca5b40aaa6321a47be642641f58300b,
              type: 2}
            rotationY: 0
            split: 0
        top: 0
        bottom: 0
      x: 9
      z: 11
    - chunksSer:
      - element:
          data:
            storedObject: {fileID: 156308, guid: 1ca5b40aaa6321a47be642641f58300b,
              type: 2}
            rotationY: 0
            split: 0
        top: 0
        bottom: 0
      x: 10
      z: 10
    - chunksSer:
      - element:
          data:
            storedObject: {fileID: 156308, guid: 1ca5b40aaa6321a47be642641f58300b,
              type: 2}
            rotationY: 0
            split: 0
        top: 0
        bottom: 0
      x: 11
      z: 10
    - chunksSer:
      - element:
          data:
            storedObject: {fileID: 156308, guid: 1ca5b40aaa6321a47be642641f58300b,
              type: 2}
            rotationY: 0
            split: 0
        top: 10
        bottom: 10
      x: 8
      z: 12
    - chunksSer:
      - element:
          data:
            storedObject: {fileID: 156308, guid: 1ca5b40aaa6321a47be642641f58300b,
              type: 2}
            rotationY: 0
            split: 0
        top: 10
        bottom: 10
      x: 8
      z: 13
    - chunksSer:
      - element:
          data:
            storedObject: {fileID: 156308, guid: 1ca5b40aaa6321a47be642641f58300b,
              type: 2}
            rotationY: 0
            split: 0
        top: 9
        bottom: 9
      x: 9
      z: 13
    - chunksSer:
      - element:
          data:
            storedObject: {fileID: 156308, guid: 1ca5b40aaa6321a47be642641f58300b,
              type: 2}
            rotationY: 0
            split: 0
        top: 9
        bottom: 9
      x: 10
      z: 13
    - chunksSer:
      - element:
          data:
            storedObject: {fileID: 156308, guid: 1ca5b40aaa6321a47be642641f58300b,
              type: 2}
            rotationY: 0
            split: 0
        top: 10
        bottom: 9
      x: 8
      z: 14
    - chunksSer:
      - element:
          data:
            storedObject: {fileID: 156308, guid: 1ca5b40aaa6321a47be642641f58300b,
              type: 2}
            rotationY: 0
            split: 0
        top: 9
        bottom: 9
      x: 11
      z: 14
    - chunksSer:
      - element:
          data:
            storedObject: {fileID: 156308, guid: 1ca5b40aaa6321a47be642641f58300b,
              type: 2}
            rotationY: 0
            split: 0
        top: 9
        bottom: 9
      x: 12
      z: 14
  perlinNoiseObject: {fileID: 0}
--- !u!4 &1382308779
Transform:
  m_ObjectHideFlags: 0
  m_PrefabParentObject: {fileID: 0}
  m_PrefabInternal: {fileID: 0}
  m_GameObject: {fileID: 1382308775}
  m_LocalRotation: {x: 0, y: 0, z: 0, w: 1}
  m_LocalPosition: {x: 4.55634785, y: -20.724205, z: 32.122036}
  m_LocalScale: {x: 1, y: 1, z: 1}
  m_Children:
  - {fileID: 351468031}
  m_Father: {fileID: 0}
  m_RootOrder: 3
